<?xml version="1.0" encoding="UTF-8"?><collection xmlns="http://www.loc.gov/MARC21/slim"><record><leader>00445nam--2200169-i-4500</leader><controlfield tag="001">000037123</controlfield><controlfield tag="002">20161230</controlfield><controlfield tag="005">20170204202030</controlfield><controlfield tag="008">060222s1000------------r-----000-0-eng-d</controlfield><datafield ind1=" " ind2=" " tag="080"><subfield code="a">621.3:621.313(076.1)</subfield></datafield><datafield ind1=" " ind2=" " tag="245"><subfield code="a">Problemle de electrotehnica si masini electrice</subfield></datafield><datafield ind1=" " ind2=" " tag="250"><subfield code="a">Editia a doua</subfield></datafield><datafield ind1=" " ind2=" " tag="260"><subfield code="a">Bucuresti</subfield><subfield code="b">Ed.Didact.Si Pedag</subfield><subfield code="c">1982</subfield></datafield><datafield ind1=" " ind2=" " tag="300"><subfield code="a">380 p</subfield></datafield><datafield ind1=" " ind2=" " tag="700"><subfield code="a">Spinei, Fanica</subfield></datafield><datafield ind1=" " ind2=" " tag="852"><subfield code="a">49970</subfield></datafield><datafield ind1=" " ind2=" " tag="CAT"><subfield code="a">SYS</subfield><subfield code="c">20170204</subfield><subfield code="h">202030</subfield></datafield></record></collection>